@PROCEEDINGS{refbib1,
author={Jazayeri M.},
title={Component programming , a fresh look at software components},
series = {a fresh look at software components. In Proceedings of the 5th European Software Engineering Conference},
publisher = {Springer Verlag},
address={London,UK},
year={1995},
pages={457â€“478}
}